<record><leader>00000cas a2200000 a 4500</leader><controlfield tag="001">17435163</controlfield><controlfield tag="008">880205d18851889ohuwr ne      0   a0eng d</controlfield><datafield ind1=" " ind2=" " tag="010"><subfield code="a">sn 88078640 </subfield></datafield><datafield ind1=" " ind2=" " tag="040"><subfield code="a">OBE</subfield><subfield code="b">eng</subfield><subfield code="c">OBE</subfield><subfield code="d">ONP</subfield><subfield code="d">OCL</subfield><subfield code="d">OCLCQ</subfield></datafield><datafield ind1=" " ind2=" " tag="042"><subfield code="a">msc</subfield></datafield><datafield ind1=" " ind2=" " tag="092"><subfield code="a">070.1</subfield><subfield code="b">C498</subfield></datafield><datafield ind1="0" ind2="0" tag="245"><subfield code="a">Lorain County exponent.</subfield></datafield><datafield ind1=" " ind2=" " tag="260"><subfield code="a">Oberlin, Ohio :</subfield><subfield code="b">C.L. Webster,</subfield><subfield code="c">1885-1889.</subfield></datafield><datafield ind1=" " ind2=" " tag="300"><subfield code="a">v.</subfield></datafield><datafield ind1=" " ind2=" " tag="310"><subfield code="a">Weekly,</subfield><subfield code="b">May 5, 1886-Dec. 25, 1889</subfield></datafield><datafield ind1=" " ind2=" " tag="321"><subfield code="a">Irregular,</subfield><subfield code="b">Dec. 1885-Mar. 1886</subfield></datafield><datafield ind1="0" ind2=" " tag="362"><subfield code="a">Vol. 1, no. 1 (Dec. 1885)-v. 4, no. 51 (Dec. 25, 1889).</subfield></datafield><datafield ind1=" " ind2=" " tag="752"><subfield code="a">United States</subfield><subfield code="b">Ohio</subfield><subfield code="c">Lorain</subfield><subfield code="d">Oberlin.</subfield></datafield><datafield ind1="0" ind2="0" tag="780"><subfield code="t">Citizen (Oberlin, Ohio : 1884)</subfield><subfield code="w">(DLC)sn 91069142</subfield></datafield><datafield ind1="0" ind2="0" tag="785"><subfield code="t">Exponent (Oberlin, Ohio)</subfield><subfield code="w">(DLC)sn 88078641</subfield></datafield><datafield ind1="1" ind2=" " tag="029"><subfield code="a">AU@</subfield><subfield code="b">000020545422</subfield></datafield></record>